@article{chaitin1982,
    title = {Register allocation \& spilling via graph coloring},
    author = {Chaitin, Gregory J},
    journal = {ACM Sigplan Notices},
    volume = {17},
    number = {6},
    pages = {98--101},
    year = {1982},
    publisher = {ACM New York, NY, USA},
}

@article{briggs1994,
    title = {Improvements to graph coloring register allocation},
    author = {Briggs, Preston and Cooper, Keith D and Torczon, Linda},
    journal = {ACM Transactions on Programming Languages and Systems (TOPLAS)},
    volume = {16},
    number = {3},
    pages = {428--455},
    year = {1994},
    publisher = {ACM New York, NY, USA},
}

@article{poletto1999,
    title = {Linear scan register allocation},
    author = {Poletto, Massimiliano and Sarkar, Vivek},
    journal = {ACM Transactions on Programming Languages and Systems (TOPLAS)},
    volume = {21},
    number = {5},
    pages = {895--913},
    year = {1999},
    publisher = {ACM New York, NY, USA},
}

@article{cocke1970,
    title = {Programming languages and their compilers: Preliminary notes, 2nd
             rev. version, new york, ny: Courant inst. of math},
    author = {Cocke, John and Schwartz, J},
    journal = {Sci., New York University},
    year = {1970},
}

@article{ershov1962,
    author = {A. P. Ershov},
    title = {Reduction of the Problem of Memory Allocation in a Block-Structured
             Language to a Problem of Coloring the Vertices of a Graph},
    journal = {Dokl. Akad. Nauk SSSR},
    year = {1962},
    volume = {142},
    pages = {785--787},
}

@article{schwartz1973,
    title = {On Programming: An Interim Report on the SETL Project. Installment
             I: Generalities},
    author = {Schwartz, Jacob T},
    journal = {Lecture Notes, Courant Institute, New York University, New York},
    pages = {1--20},
    year = {1973},
}
